@Article{morey_peer_2016,
  title = {The {{Peer Reviewers Openness Initiative}}: Incentivizing Open Research Practices through Peer Review},
  volume = {3},
  rights = {. © 2016 The Authors. Published by the Royal Society under the terms of the Creative Commons Attribution License http://creativecommons.org/licenses/by/4.0/, which permits unrestricted use, provided the original author and source are credited.},
  issn = {2054-5703},
  doi = {10.1098/rsos.150547},
  shorttitle = {The {{Peer Reviewers9 Openness Initiative}}},
  timestamp = {2017-07-27T19:08:26Z},
  langid = {english},
  number = {1},
  journaltitle = {Royal Society Open Science},
  author = {Richard D. Morey and Christopher D. Chambers and Peter J. Etchells and Christine R. Harris and Rink Hoekstra and Dani{\"e}l Lakens and Stephan Lewandowsky and Candice Coker Morey and Daniel P. Newman and Felix D. Sch{\"o}nbrodt and Wolf Vanpaemel and Eric-Jan Wagenmakers and Rolf A. Zwaan},
  urldate = {2017-07-27},
  date = {2016-01-01},
  pages = {150547},
  note = {00000},
}
@Article{nosek_promoting_2015,
  title = {Promoting an Open Research Culture},
  volume = {348},
  rights = {Copyright © 2015, American Association for the Advancement of Science},
  issn = {0036-8075, 1095-9203},
  doi = {10.1126/science.aab2374},
  timestamp = {2017-07-27T19:04:33Z},
  langid = {english},
  number = {6242},
  journaltitle = {Science},
  author = {Brian A. Nosek and G. Alter and G. C. Banks and D. Borsboom and S. D. Bowman and S. J. Breckler and S. Buck and C. D. Chambers and G. Chin and G. Christensen and M. Contestabile and A. Dafoe and E. Eich and J. Freese and R. Glennerster and D. Goroff and D. P. Green and B. Hesse and M. Humphreys and J. Ishiyama and D. Karlan and A. Kraut and A. Lupia and P. Mabry and T. Madon and N. Malhotra and E. Mayo-Wilson and M. McNutt and E. Miguel and E. Levy Paluck and U. Simonsohn and C. Soderberg and B. A. Spellman and J. Turitto and G. VandenBos and S. Vazire and E. J. Wagenmakers and R. Wilson and T. Yarkoni},
  urldate = {2017-07-27},
  date = {2015-06-26},
  pages = {1422--1425},
  note = {00279},
  eprinttype = {pmid},
  eprint = {26113702},
}
@article{VuorreCuratingResearchAssets2018,
  title = {Curating {{Research Assets}}: {{A Tutorial}} on the {{Git Version Control System}}},
  volume = {1},
  copyright = {All rights reserved},
  issn = {2515-2459},
  shorttitle = {Curating {{Research Assets}}},
  language = {en},
  number = {2},
  journal = {Advances in Methods and Practices in Psychological Science},
  doi = {10.1177/2515245918754826},
  author = {Vuorre, Matti and Curley, James P.},
  month = jun,
  year = {2018},
  pages = {219-236}
}
@Article{Munafomanifestoreproduciblescience2017,
  langid = {english},
  title = {A Manifesto for Reproducible Science},
  volume = {1},
  rights = {© 2017 Macmillan Publishers Limited, part of Springer Nature. All rights reserved.},
  issn = {2397-3374},
  doi = {10.1038/s41562-016-0021},
  journaltitle = {Nature Human Behaviour},
  author = {Marcus R. Munaf{\a`o} and Brian A. Nosek and Dorothy V. M. Bishop and Katherine S. Button and Christopher D. Chambers and Nathalie Percie {du Sert} and Uri Simonsohn and Eric-Jan Wagenmakers and Jennifer J. Ware and John P. A. Ioannidis},
  urldate = {2017-05-29},
  date = {2017-01-10},
  pages = {0021},
  note = {00036},
}
@Article{gorgolewski_brain_2016,
  langid = {english},
  title = {The Brain Imaging Data Structure, a Format for Organizing and Describing Outputs of Neuroimaging Experiments},
  volume = {3},
  rights = {2016 Nature Publishing Group},
  issn = {2052-4463},
  doi = {10.1038/sdata.2016.44},
  journaltitle = {Scientific Data},
  author = {Krzysztof J. Gorgolewski and Tibor Auer and Vince D. Calhoun and R. Cameron Craddock and Samir Das and Eugene P. Duff and Guillaume Flandin and Satrajit S. Ghosh and Tristan Glatard and Yaroslav O. Halchenko and Daniel A. Handwerker and Michael Hanke and David Keator and Xiangrui Li and Zachary Michael and Camille Maumet and B. Nolan Nichols and Thomas E. Nichols and John Pellman and Jean-Baptiste Poline and Ariel Rokem and Gunnar Schaefer and Vanessa Sochat and William Triplett and Jessica A. Turner and Ga{\"e}l Varoquaux and Russell A. Poldrack},
  urldate = {2017-12-13},
  date = {2016-06-21},
  pages = {160044},
}
@Article{yee_why_2017,
  title = {Why {{You Should Become}} a {{UseR}}: {{A Brief Introduction}} to {{R}}},
  volume = {30},
  url = {https://www.psychologicalscience.org/observer/why-you-should-become-a-user-a-brief-introduction-to-r},
  shorttitle = {Why {{You Should Become}} a {{UseR}}},
  number = {3},
  journaltitle = {APS Observer},
  author = {Sara J. Weston Yee and {Debbie}},
  urldate = {2017-12-13},
  date = {2017-02-28},
}
@Software{RStudioTeamRStudioIntegratedDevelopment2016,
  location = {{Boston, MA}},
  title = {{{RStudio}}: {{Integrated Development Environment}} for {{R}}},
  url = {http://www.rstudio.com/},
  publisher = {{RStudio, Inc.}},
  author = {{RStudio Team}},
  date = {2016},
}
@Book{WickhamPackagesOrganizeTest2015,
  langid = {english},
  title = {R {{Packages}}: {{Organize}}, {{Test}}, {{Document}}, and {{Share Your Code}}},
  isbn = {978-1-4919-1054-2},
  url = {http://r-pkgs.had.co.nz/},
  shorttitle = {R {{Packages}}},
  pagetotal = {275},
  publisher = {{"O'Reilly Media, Inc."}},
  date = {2015-03-26},
  keywords = {Computers / Data Processing,Computers / Mathematical & Statistical Software,Computers / Programming Languages / General},
  author = {Hadley Wickham},
  eprinttype = {googlebooks},
}
@Article{LindsaySharingDataMaterials2017,
  title = {Sharing {{Data}} and {{Materials}} in {{Psychological Science}}},
  volume = {28},
  issn = {0956-7976},
  language = {en},
  number = {6},
  journal = {Psychological Science},
  doi = {10.1177/0956797617704015},
  author = {D. Stephen Lindsay},
  month = {jun},
  year = {2017},
  pages = {699-702},
}

@Article{HoutkoopDataSharingPsychology2018,
  title = {Data {{Sharing}} in {{Psychology}}: {{A Survey}} on {{Barriers}} and {{Preconditions}}},
  volume = {1},
  issn = {2515-2459},
  shorttitle = {Data {{Sharing}} in {{Psychology}}},
  language = {en},
  number = {1},
  journal = {Advances in Methods and Practices in Psychological Science},
  doi = {10.1177/2515245917751886},
  author = {Bobby Lee Houtkoop and Chris Chambers and Malcolm Macleod and Dorothy V. M. Bishop and Thomas E. Nichols and Eric-Jan Wagenmakers},
  month = {mar},
  year = {2018},
  pages = {70-85},
}
@Article{Wichertspooravailabilitypsychological2006,
  title = {The Poor Availability of Psychological Research Data for Reanalysis},
  volume = {61},
  copyright = {(c) 2016 APA, all rights reserved},
  issn = {1935-990X 0003-066X},
  language = {English},
  number = {7},
  journal = {American Psychologist},
  doi = {10.1037/0003-066X.61.7.726},
  author = {Jelte M. Wicherts and Denny Borsboom and Judith Kats and Dylan Molenaar},
  year = {2006},
  keywords = {Compliance,Data Collection,Data sharing,Experimentation,Professional Ethics,reproducibility,Scientific Communication},
  pages = {726-728},
}

@Article{VanpaemelAreWeWasting2015,
  title = {Are {{We Wasting}} a {{Good Crisis}}? {{The Availability}} of {{Psychological Research Data}} after the {{Storm}}},
  volume = {1},
  copyright = {Authors who publish with this journal agree to the following terms:    Authors retain copyright and grant the journal right of first publication with the work simultaneously licensed under a  Creative Commons Attribution License  that allows others to share the work with an acknowledgement of the work's authorship and initial publication in this journal.  Authors are able to enter into separate, additional contractual arrangements for the non-exclusive distribution of the journal's published version of the work (e.g., post it to an institutional repository or publish it in a book), with an acknowledgement of its initial publication in this journal.  Authors are permitted and encouraged to post their work online (e.g., in institutional repositories or on their website) prior to and during the submission process, as it can lead to productive exchanges, as well as earlier and greater citation of published work (See  The Effect of Open Access ).  All third-party images reproduced on this journal are shared under Educational Fair Use. For more information on  Educational Fair Use , please see  this useful checklist prepared by Columbia University Libraries .   All copyright  of third-party content posted here for research purposes belongs to its original owners.  Unless otherwise stated all references to characters and comic art presented on this journal are \textcopyright, \textregistered{} or \texttrademark{} of their respective owners. No challenge to any owner's rights is intended or should be inferred.},
  issn = {2474-7394},
  shorttitle = {Are {{We Wasting}} a {{Good Crisis}}?},
  language = {eng},
  number = {1},
  journal = {Collabra: Psychology},
  doi = {10.1525/collabra.13},
  author = {Wolf Vanpaemel and Maarten Vermorgen and Leen Deriemaecker and Gert Storms},
  month = {oct},
  year = {2015},
  pages = {Art. 3},
}
@Article{HardwickeDataavailabilityreusability2018,
  title = {Data Availability, Reusability, and Analytic Reproducibility: Evaluating the Impact of a Mandatory Open Data Policy at the Journal {{Cognition}}},
  volume = {5},
  shorttitle = {Data Availability, Reusability, and Analytic Reproducibility},
  number = {8},
  journal = {Royal Society Open Science},
  doi = {10.1098/rsos.180448},
  author = {Tom E. Hardwicke and Maya B. Mathur and Kyle MacDonald and Gustav Nilsonne and George C. Banks and Mallory C. Kidwell and Alicia {Hofelich Mohr} and Elizabeth Clayton and Erica J. Yoon and Michael {Henry Tessler} and Richie L. Lenne and Sara Altman and Bria Long and Michael C. Frank},
  year = {2018},
  pages = {180448},
}
@Article{KleinPracticalGuideTransparency2018,
  title = {A {{Practical Guide}} for {{Transparency}} in {{Psychological Science}}},
  volume = {4},
  copyright = {Authors who publish with this journal agree to the following terms:    Authors retain copyright and grant the journal right of first publication with the work simultaneously licensed under a  Creative Commons Attribution License  that allows others to share the work with an acknowledgement of the work's authorship and initial publication in this journal.  Authors are able to enter into separate, additional contractual arrangements for the non-exclusive distribution of the journal's published version of the work (e.g., post it to an institutional repository or publish it in a book), with an acknowledgement of its initial publication in this journal.  Authors are permitted and encouraged to post their work online (e.g., in institutional repositories or on their website) prior to and during the submission process, as it can lead to productive exchanges, as well as earlier and greater citation of published work (See  The Effect of Open Access ).  All third-party images reproduced on this journal are shared under Educational Fair Use. For more information on  Educational Fair Use , please see  this useful checklist prepared by Columbia University Libraries .   All copyright  of third-party content posted here for research purposes belongs to its original owners.  Unless otherwise stated all references to characters and comic art presented on this journal are \textcopyright, \textregistered{} or \texttrademark{} of their respective owners. No challenge to any owner's rights is intended or should be inferred.},
  issn = {2474-7394},
  language = {eng},
  number = {1},
  journal = {Collabra: Psychology},
  doi = {10.1525/collabra.158},
  author = {Olivier Klein and Tom E. Hardwicke and Frederik Aust and Johannes Breuer and Henrik Danielsson and Alicia Hofelich Mohr and Hans Ijzerman and Gustav Nilsonne and Wolf Vanpaemel and Michael C. Frank},
  month = {jun},
  year = {2018},
  pages = {20},
}
@Article{WilkinsonFAIRGuidingPrinciples2016,
  title = {The {{FAIR Guiding Principles}} for Scientific Data Management and Stewardship},
  volume = {3},
  copyright = {2016 Nature Publishing Group},
  issn = {2052-4463},
  language = {en},
  journal = {Scientific Data},
  doi = {10.1038/sdata.2016.18},
  author = {Mark D. Wilkinson and Michel Dumontier and IJsbrand Jan Aalbersberg and Gabrielle Appleton and Myles Axton and Arie Baak and Niklas Blomberg and Jan-Willem Boiten and Luiz Bonino {da Silva Santos} and Philip E. Bourne and Jildau Bouwman and Anthony J. Brookes and Tim Clark and Merc{\a`e} Crosas and Ingrid Dillo and Olivier Dumon and Scott Edmunds and Chris T. Evelo and Richard Finkers and Alejandra Gonzalez-Beltran and Alasdair J. G. Gray and Paul Groth and Carole Goble and Jeffrey S. Grethe and Jaap Heringa and Peter A. C. {'t Hoen} and Rob Hooft and Tobias Kuhn and Ruben Kok and Joost Kok and Scott J. Lusher and Maryann E. Martone and Albert Mons and Abel L. Packer and Bengt Persson and Philippe Rocca-Serra and Marco Roos and Rene {van Schaik} and Susanna-Assunta Sansone and Erik Schultes and Thierry Sengstag and Ted Slater and George Strawn and Morris A. Swertz and Mark Thompson and Johan {van der Lei} and Erik {van Mulligen} and Jan Velterop and Andra Waagmeester and Peter Wittenburg and Katherine Wolstencroft and Jun Zhao and Barend Mons},
  month = {mar},
  year = {2016},
  pages = {160018},
}
@Article{Rouderwhatwhyhow2016,
  title = {The What, Why, and How of Born-Open Data},
  volume = {48},
  issn = {1554-3528},
  language = {en},
  number = {3},
  journal = {Behavior Research Methods},
  doi = {10.3758/s13428-015-0630-z},
  author = {Jeffrey N. Rouder},
  month = {sep},
  year = {2016},
  keywords = {reproducibility},
  pages = {1062-1069},
}

@Article{MartoneDatasharingpsychology2018,
  title = {Data Sharing in Psychology},
  volume = {73},
  issn = {1935-990X(Electronic),0003-066X(Print)},
  number = {2},
  journal = {American Psychologist},
  doi = {10.1037/amp0000242},
  author = {Maryann E. Martone and Alexander Garcia-Castro and Gary R. VandenBos},
  year = {2018},
  keywords = {Attitudes,Best Practices,Costs and Cost Analysis,Data Sets,Data Sharing,Databases,Experimental Laboratories,Open Data,Psychology},
  pages = {111-125},
}

@Article{RouderMinimizingMistakesPsychological2019,
  title = {Minimizing {{Mistakes}} in {{Psychological Science}}},
  volume = {2},
  issn = {2515-2459},
  language = {en},
  number = {1},
  journal = {Advances in Methods and Practices in Psychological Science},
  doi = {10.1177/2515245918801915},
  author = {Jeffrey N. Rouder and Julia M. Haaf and Hope K. Snyder},
  month = {mar},
  year = {2019},
  pages = {3-11},
}
@Article{SilberzahnManyAnalystsOne2018,
  title = {Many {{Analysts}}, {{One Data Set}}: {{Making Transparent How Variations}} in {{Analytic Choices Affect Results}}},
  volume = {1},
  issn = {2515-2459},
  shorttitle = {Many {{Analysts}}, {{One Data Set}}},
  language = {en},
  number = {3},
  journal = {Advances in Methods and Practices in Psychological Science},
  doi = {10.1177/2515245917747646},
  author = {R. Silberzahn and E. L. Uhlmann and D. P. Martin and P. Anselmi and F. Aust and E. Awtrey and {\v S}. Bahn{\a'\i}k and F. Bai and C. Bannard and E. Bonnier and R. Carlsson and F. Cheung and G. Christensen and R. Clay and M. A. Craig and A. {Dalla Rosa} and L. Dam and M. H. Evans and I. {Flores Cervantes} and N. Fong and M. Gamez-Djokic and A. Glenz and S. Gordon-McKeon and T. J. Heaton and K. Hederos and M. Heene and A. J. {Hofelich Mohr} and F. H{\"o}gden and K. Hui and M. Johannesson and J. Kalodimos and E. Kaszubowski and D. M. Kennedy and R. Lei and T. A. Lindsay and S. Liverani and C. R. Madan and D. Molden and E. Molleman and R. D. Morey and L. B. Mulder and B. R. Nijstad and N. G. Pope and B. Pope and J. M. Prenoveau and F. Rink and E. Robusto and H. Roderique and A. Sandberg and E. Schl{\"u}ter and F. D. Sch{\"o}nbrodt and M. F. Sherman and S. A. Sommer and K. Sotak and S. Spain and C. Sp{\"o}rlein and T. Stafford and L. Stefanutti and S. Tauber and J. Ullrich and M. Vianello and E.-J. Wagenmakers and M. Witkowiak and S. Yoon and B. A. Nosek},
  month = {sep},
  year = {2018},
  pages = {337-356},
}

@article{de2015jspsych,
  title={jsPsych: A JavaScript library for creating behavioral experiments in a Web browser},
  author={De Leeuw, Joshua R},
  journal={Behavior research methods},
  volume={47},
  number={1},
  pages={1--12},
  year={2015},
  publisher={Springer}
}
