@Book{xie2018,
  title = {R Markdown: The Definitive Guide},
  author = {Yihui Xie and J.J. Allaire and Garrett Grolemund},
  publisher = {Chapman and Hall/CRC},
  address = {Boca Raton, Florida},
  year = {2018},
  note = {ISBN 9781138359338},
  url = {https://bookdown.org/yihui/rmarkdown},
}

@Manual{usethis,
    title = {usethis: Automate Package and Project Setup},
    author = {Hadley Wickham and Jennifer Bryan},
    year = {2019},
    note = {R package version 1.5.0},
    url = {https://CRAN.R-project.org/package=usethis},
  }

@Manual{pkgdown,
    title = {pkgdown: Make Static HTML Documentation for a Package},
    author = {Hadley Wickham and Jay Hesselberth},
    year = {2019},
    note = {R package version 1.4.1},
    url = {https://CRAN.R-project.org/package=pkgdown},
  }

@Manual{devtools,
    title = {devtools: Tools to Make Developing R Packages Easier},
    author = {Hadley Wickham and Jim Hester and Winston Chang},
    year = {2019},
    note = {R package version 2.0.2},
    url = {https://CRAN.R-project.org/package=devtools},
  }

@Book{wickham_r_2015,
  title = {R {{Packages}}: {{Organize}}, {{Test}}, {{Document}}, and {{Share Your Code}}},
  isbn = {978-1-4919-1054-2},
  url = {http://r-pkgs.had.co.nz/},
  shorttitle = {R {{Packages}}},
  pagetotal = {275},
  timestamp = {2017-07-26T20:32:39Z},
  langid = {english},
  publisher = {{"O'Reilly Media, Inc."}},
  author = {Hadley Wickham},
  date = {2015-03-26},
  note = {00061
Google-Books-ID: eqOxBwAAQBAJ},
  keywords = {Computers / Data Processing,Computers / Mathematical & Statistical Software,Computers / Programming Languages / General},
}

@Manual{papaja,
    author = {Frederik Aust and Marius Barth},
    title = {{papaja}: {Create} {APA} manuscripts with {R Markdown}},
    year = {2018},
    note = {R package version 0.1.0.9842},
    url = {https://github.com/crsh/papaja},
  }

@Manual{posterdown,
    title = {posterdown: An R Package Built to Generate Reproducible Conference Posters for the Academic and Professional World Where Powerpoint and Pages Just Won't Cut It},
    author = {W. Brent Thorne},
    year = {2019},
    url = {https://github.com/brentthorne/posterdown},
    note = {R package version 1.0},
  }

@article{de2015jspsych,
  title={jsPsych: A JavaScript library for creating behavioral experiments in a Web browser},
  author={De Leeuw, Joshua R},
  journal={Behavior research methods},
  volume={47},
  number={1},
  pages={1--12},
  year={2015},
  publisher={Springer}
}

