@article{rosenbaum2017stand,
  title={Stand by your Stroop: Standing up enhances selective attention and cognitive control},
  author={Rosenbaum, David and Mama, Yaniv and Algom, Daniel},
  journal={Psychological science},
  volume={28},
  number={12},
  pages={1864--1867},
  year={2017},
  publisher={SAGE Publications Sage CA: Los Angeles, CA}
}